
@article{kogge2013exascale,
  title={Exascale Computing Trends: Adjusting to the},
  author={Kogge, Peter and Shalf, John},
  journal={Computing in Science \& Engineering},
  volume={15},
  number={6},
  pages={16--26},
  year={2013},
  publisher={AIP Publishing}
}

@article{gropp2013programming,
  title={Programming for exascale computers},
  author={Gropp, William and Snir, Marc},
  journal={Computing in Science \& Engineering},
  volume={15},
  number={6},
  pages={27--35},
  year={2013},
  publisher={AIP Publishing}
}

@article{budimlicconcurrent,
  title={The Concurrent Collections Programming Model},
  author={Budimlic, Zoran and Burke, Michael and Cav{\'e}, Vincent and Knobe, Kathleen and Lowney, Geoff and Palsberg, Jens and Peixotto, David and Sarkar, Vivek and Schlimbach, Frank and Tas{\i}rlar, Sagnak}
}

@inproceedings{navratil2014dynamic,
  title={Dynamic scheduling for large-scale distributed-memory ray tracing},
  author={Navr{\'a}til, Paul A},
  booktitle={EuroGraphics Symposium on Parallel Graphics and Visualization},
  year={2014}
}

@inproceedings{porter2014cnc,
  title={CnC for Ray Tracing},
  author={Porter, Ellen and Lewis, Robert R.},
  booktitle={CnC-2014: The Sixth Annual Concurrent Collections Workshop},
  year={2014},
  month={September},
  days={18--19}
}

@book{Snir:1998:MCR:552013,
 author = {Snir, Marc and Otto, Steve and Huss-Lederman, Steven and Walker, David and Dongarra, Jack},
 title = {MPI-The Complete Reference, Volume 1: The MPI Core},
 year = {1998},
 isbn = {0262692155},
 edition = {2nd. (Revised)},
 publisher = {MIT Press},
 address = {Cambridge, MA, USA},
} 

@misc{ openmp08,
    author = {{OpenMP Architecture Review Board}},
    title = {{OpenMP} Application Program Interface Version 3.0},
    month = may,
    year = 2008,
    url = {http://www.openmp.org/mp-documents/spec30.pdf}
}

@inproceedings{woop2013embree,
  title={Embree ray tracing kernels for CPUs and the Xeon Phi architecture},
  author={Woop, Sven and Feng, Louis and Wald, Ingo and Benthin, Carsten},
  booktitle={ACM SIGGRAPH 2013 Talks},
  pages={44},
  year={2013},
  organization={ACM}
}

@article{wald2014embree,
  title={Embree: A kernel framework for efficient cpu ray tracing},
  author={Wald, Ingo and Woop, Sven and Benthin, Carsten and Johnson, Gregory S and Ernst, Manfred},
  journal={ACM Transactions on Graphics (TOG)},
  volume={33},
  number={4},
  pages={143},
  year={2014},
  publisher={ACM}
}

@inproceedings{parker2010optix,
  title={Optix: a general purpose ray tracing engine},
  author={Parker, Steven G and Bigler, James and Dietrich, Andreas and Friedrich, Heiko and Hoberock, Jared and Luebke, David and McAllister, David and McGuire, Morgan and Morley, Keith and Robison, Austin and others},
  booktitle={ACM Transactions on Graphics (TOG)},
  volume={29},
  number={4},
  pages={66},
  year={2010},
  organization={ACM}
}

@article{franco2012true,
  title={True Concurrency and Atomicity},
  author={Franco, Alberto and Baldan, Paolo},
  year={2012}
}