
@article{kogge2013exascale,
  title={Exascale Computing Trends: Adjusting to the},
  author={Kogge, Peter and Shalf, John},
  journal={Computing in Science \& Engineering},
  volume={15},
  number={6},
  pages={16--26},
  year={2013},
  publisher={AIP Publishing}
}

@article{gropp2013programming,
  title={Programming for exascale computers},
  author={Gropp, William and Snir, Marc},
  journal={Computing in Science \& Engineering},
  volume={15},
  number={6},
  pages={27--35},
  year={2013},
  publisher={AIP Publishing}
}

@article{budimlicconcurrent,
  title={The Concurrent Collections Programming Model},
  author={Budimlic, Zoran and Burke, Michael and Cav{\'e}, Vincent and Knobe, Kathleen and Lowney, Geoff and Palsberg, Jens and Peixotto, David and Sarkar, Vivek and Schlimbach, Frank and Tas{\i}rlar, Sagnak}
}

@inproceedings{navratil2014dynamic,
  title={Dynamic scheduling for large-scale distributed-memory ray tracing},
  author={Navr{\'a}til, Paul A},
  booktitle={EuroGraphics Symposium on Parallel Graphics and Visualization},
  year={2014}
}